%%%%%%%%%%%%%%%%%%%%%%%%%%%%%%%%%%VARIABLES%%%%%%%%%%%%%%%%%%%%%%%%%%%%%
%
%
%%%%%%%%%%%%%%%%%%%%%%%%%%%%%%%%%%BIBLIOGRAPHY%%%%%%%%%%%%%%%%%%%%%%%%%%
@BOOK{Bertino93,
  AUTHOR =       "E. Bertino and L. Martino",
  TITLE =        "Object Oriented Database Systems: Concepts and Architectures",
  PUBLISHER =    "Adison-Wesley Publishing Company, Inc.",
  YEAR =         "1993",
  address =      "Massachusetts, E.U.A.",}

@PHDTHESIS{Galante01,
  AUTHOR =       "Galante, Renata de M.",
  TITLE =        "Evolução de Esquemas em Bancos de Dados Orientados a Objetos com o emprego de versões",
  SCHOOL =       "Instituto de Informática-UFRGS",
  YEAR =         "2001",
  month =        "Junho",}

@ARTICLE{Mateos00,
  AUTHOR =       "Mateos, G. and García M., J and Ortín I., M",
  TITLE =        "Inclusión de Vistas en \textsc{ODMG}",
  JOURNAL =      "Jornadas de Ingeniería del Software y Bases de Datos {(JISBD 2000)}",
  YEAR =         "2000",
  pages =        "383-395",}

% ---------------------------------------------------------------------
